<?xml version="1.0" encoding="UTF-8"?><record xmlns="http://www.loc.gov/MARC21/slim" xmlns:cinclude="http://apache.org/cocoon/include/1.0" xmlns:zs="http://www.loc.gov/zing/srw/">
  <leader>00557nz  a2200145n  4500</leader>
  <controlfield tag="001">no2009076503</controlfield>
  <controlfield tag="003">DLC</controlfield>
  <controlfield tag="005">20090520075648.0</controlfield>
  <controlfield tag="008">090518n| acannaabn          |a aaa     c</controlfield>
  <datafield tag="010" ind1=" " ind2=" ">
    <subfield code="a">no2009076503</subfield>
  </datafield>
  <datafield tag="035" ind1=" " ind2=" ">
    <subfield code="a">(OCoLC)oca08112340</subfield>
  </datafield>
  <datafield tag="040" ind1=" " ind2=" ">
    <subfield code="a">PSt</subfield>
    <subfield code="b">eng</subfield>
    <subfield code="c">PSt</subfield>
  </datafield>
  <datafield tag="100" ind1="1" ind2=" ">
    <subfield code="a">Espiau, M. T.</subfield>
    <subfield code="q">(Mayte T.)</subfield>
  </datafield>
  <datafield tag="400" ind1="1" ind2=" ">
    <subfield code="a">Espiau, Mayte T.</subfield>
  </datafield>
  <datafield tag="670" ind1=" " ind2=" ">
    <subfield code="a">Proceedings of the XIIth Eucarpia Symposium on Fruit Breeding and Genetics, c2009:</subfield>
    <subfield code="b">cover (editors ... M.T. Espiau) p. 3 (Fruit-growing Unit, Ctr. of Agro-food Research and Technology, Zaragoza, Spain) p. 35 (Mayte Espiau)</subfield>
  </datafield>
</record>